@Unpublished{Plaskovitskaya:2018,
  author = 	 {Antonina Plaskovitskaya},
  title = 	 {Osnovȳ fonologii russkogo zhestovogo yazȳka [Basics of {Russian} {Sign} {Language} phonology]},
  note = 	 {HSE term/generals paper},
  OPTkey = 	 {},
  OPTmonth = 	 {},
  year = 	 {2018},
  OPTannote = 	 {}
}

 @Manual{R,
    title = {R: {A} Language and Environment for Statistical Computing},
    author = {{R Core Team}},
    organization = {R Foundation for Statistical Computing},
    address = {Vienna, Austria},
    year = {2018},
    url = {https://www.R-project.org/},
  }

@Book{Sandler:1989,
  author = 	 {Wendy Sandler},
  ALTeditor = 	 {},
  title = 	 {Phonological representation of the sign: {Linearity} and nonlinearity in {American} {Sign} {Language}},
  publisher = 	 {Foris},
  year = 	 {1989},
  OPTkey = 	 {},
  OPTvolume = 	 {},
  OPTnumber = 	 {},
  OPTseries = 	 {},
  address = 	 {Dordrecht},
  OPTedition = 	 {},
  OPTmonth = 	 {},
  OPTnote = 	 {},
  OPTannote = 	 {}
}

@Book{Stokoe:1960,
  author = 	 {William Stokoe},
  ALTeditor = 	 {},
  title = 	 {Sign language structure. {An} outline of the visual communication systems of the {American} {Deaf}},
  publisher = 	 {Linstok Press},
  year = 	 {1960},
  OPTkey = 	 {},
  OPTvolume = 	 {},
  OPTnumber = 	 {},
  OPTseries = 	 {},
  address = 	 {Silver Spring, MD},
  edition = 	 {1993 reprint},
  OPTmonth = 	 {},
  OPTnote = 	 {},
  OPTannote = 	 {}
}

@Article{Crasborn:2008,
  author = 	 {Onno Crasborn and Han Sloetjes},
  title = 	 {Enhanced {ELAN} functionality for sign language corpora},
  journal = 	 {Proceedings of the 3rd Workshop on the Representation and Processing of Sign Languages},
  year = 	 {2008},
  OPTkey = 	 {},
  OPTvolume = 	 {},
  OPTnumber = 	 {},
  pages = 	 {39--43},
  OPTmonth = 	 {},
  OPTnote = 	 {},
  OPTannote = 	 {}
}

@PhdThesis{vanderKooij:2002,
  author = 	 {{van der Kooij}, Els},
  title = 	 {Phonological categories in {Sign} {Language} of the {Netherlands}: {The} role of phonetic implementation and iconicity},
  school = 	 {Leiden University},
  year = 	 {2002},
  OPTkey = 	 {},
  OPTtype = 	 {},
  OPTaddress = 	 {},
  OPTmonth = 	 {},
  OPTnote = 	 {},
  OPTannote = 	 {}
}

